<?xml version="1.0" encoding="UTF-8"?><collection xmlns="http://www.loc.gov/MARC21/slim"><record><leader>00482nam--2200181-i-4500</leader><controlfield tag="001">000015983</controlfield><controlfield tag="002">20161230</controlfield><controlfield tag="005">20161230201031</controlfield><controlfield tag="008">060222s1000------------r-----000-0-eng-d</controlfield><datafield ind1=" " ind2=" " tag="040"><subfield code="a">IFIN-HH</subfield></datafield><datafield ind1=" " ind2=" " tag="080"><subfield code="a">800.7</subfield></datafield><datafield ind1="1" ind2=" " tag="100"><subfield code="a">Cristescu, Matei</subfield></datafield><datafield ind1="1" ind2="0" tag="245"><subfield code="a">Manual de limba franceza</subfield><subfield code="c">Matei cristescu, ion climer</subfield></datafield><datafield ind1=" " ind2=" " tag="260"><subfield code="a">Bucuresti</subfield><subfield code="b">Ministerul Invatamintului Si Culturii</subfield><subfield code="c">1960</subfield></datafield><datafield ind1=" " ind2=" " tag="300"><subfield code="a">533 P</subfield></datafield><datafield ind1="1" ind2=" " tag="700"><subfield code="a">Climer, Ion</subfield></datafield><datafield ind1=" " ind2=" " tag="852"><subfield code="a">76579</subfield><subfield code="c">4</subfield></datafield><datafield ind1=" " ind2=" " tag="CAT"><subfield code="a">Sys</subfield><subfield code="c">20130206</subfield><subfield code="h">170347</subfield></datafield></record></collection>